@Book{xie2015,
  title = {Dynamic Documents with {R} and knitr},
  author = {Yihui Xie},
  publisher = {Chapman and Hall/CRC},
  address = {Boca Raton, Florida},
  year = {2015},
  edition = {2nd},
  note = {ISBN 978-1498716963},
  url = {http://yihui.org/knitr/},
}

@book{judd2017data,
  title={Data analysis: A model comparison approach to regression, ANOVA, and beyond},
  author={Judd, Charles M and McClelland, Gary H and Ryan, Carey S},
  year={2017},
  publisher={Routledge}
}